@inproceedings{laarman,
author = {Laarman, Alfons and Langerak, Rom and Pol, Jaco and Weber, Michael and Wijs, Anton},
year = {2011},
month = {10},
pages = {321-335},
title = {Multi-core Nested Depth-First Search},
volume = {6996},
journal = {ATVA 2011. LNCS},
doi = {10.1007/978-3-642-24372-1_23}
}

@article{ndfs,
author = {Courcoubetis, Costas and Vardi, Moshe and Wolper, Pierre and Yannakakis, Mihalis},
year = {1992},
month = {10},
pages = {275-288},
title = {Memory-Efficient Algorithms for the Verification of Temporal Properties.},
volume = {1},
journal = {Formal Methods in System Design},
doi = {10.1007/BF00121128}
}

@inproceedings{nndfs,
 author = {Schwoon, Stefan and Esparza, Javier},
 title = {A Note on On-the-fly Verification Algorithms},
 booktitle = {Proceedings of the 11th International Conference on Tools and Algorithms for the Construction and Analysis of Systems},
 series = {TACAS'05},
 year = {2005},
 isbn = {3-540-25333-5, 978-3-540-25333-4},
 location = {Edinburgh, UK},
 pages = {174--190},
 numpages = {17},
 url = {http://dx.doi.org/10.1007/978-3-540-31980-1_12},
 doi = {10.1007/978-3-540-31980-1_12},
 acmid = {2140670},
 publisher = {Springer-Verlag},
 address = {Berlin, Heidelberg},
} 

@article{allred,
  author    = {Andreas Gaiser and
               Stefan Schwoon},
  title     = {Comparison of Algorithms for Checking Emptiness on Buechi Automata},
  journal   = {CoRR},
  volume    = {abs/0910.3766},
  year      = {2009},
  url       = {http://arxiv.org/abs/0910.3766},
  archivePrefix = {arXiv},
  eprint    = {0910.3766},
  timestamp = {Mon, 13 Aug 2018 16:46:22 +0200},
  biburl    = {https://dblp.org/rec/bib/journals/corr/abs-0910-3766},
  bibsource = {dblp computer science bibliography, https://dblp.org}
}
a service of Schloss Dagstuhl - Leibniz Center for Informatics	homebrowsesearchabout

@inproceedings{cndfs,
author = {Evangelista, Sami and Laarman, Alfons and Petrucci, Laure and Pol, Jaco},
year = {2012},
month = {10},
pages = {269-283},
title = {Improved Multi-Core Nested Depth-First Search},
volume = {7561},
doi = {10.1007/978-3-642-33386-6_22}
}

@article{variations,
author = {Laarman, Alfons and Pol, Jaco},
year = {2011},
month = {11},
pages = {},
title = {Variations on Multi-Core Nested Depth-First Search},
volume = {72},
journal = {Electronic Proceedings in Theoretical Computer Science},
doi = {10.4204/EPTCS.72.2}
}
